
@article{pitts-rel-domains,
  author    = {Andrew M. Pitts},
  title     = {Relational Properties of Domains},
  journal   = {Inf. Comput.},
  volume    = {127},
  number    = {2},
  year      = {1996},
  pages     = {66-90},
  ee        = {http://dx.doi.org/10.1006/inco.1996.0052},
  bibsource = {DBLP, http://dblp.uni-trier.de}
}

@inproceedings{benton+:coq-domains,
 author = {Benton, Nick and Kennedy, Andrew and Varming, Carsten},
 title = {Some Domain Theory and Denotational Semantics in Coq},
 booktitle = {Proceedings of the 22nd International Conference on Theorem Proving in Higher Order Logics},
 series = {TPHOLs '09},
 year = {2009},
 isbn = {978-3-642-03358-2},
 location = {Munich, Germany},
 pages = {115--130},
 numpages = {16},
 url = {http://dx.doi.org/10.1007/978-3-642-03359-9_10},
 doi = {10.1007/978-3-642-03359-9_10},
 acmid = {1616090},
 publisher = {Springer-Verlag},
 address = {Berlin, Heidelberg},
} 

@book{winskel,
  author    = {Glynn Winskel},
  title     = {The formal semantics of programming languages - an introduction},
  publisher = {MIT Press},
  series    = {Foundation of computing series},
  year      = {1993},
  isbn      = {978-0-262-23169-5},
  pages     = {I-XVIII, 1-361},
  bibsource = {DBLP, http://dblp.uni-trier.de}
}



@inproceedings{xu+:contracts,
 author = {Xu, Dana N. and Peyton Jones, Simon and Claessen, Koen},
 title = {Static contract checking for Haskell},
 booktitle = {Proceedings of the 36th annual ACM SIGPLAN-SIGACT symposium on Principles of programming languages},
 series = {POPL '09},
 year = {2009},
 isbn = {978-1-60558-379-2},
 location = {Savannah, GA, USA},
 pages = {41--52},
 numpages = {12},
 url = {http://doi.acm.org/10.1145/1480881.1480889},
 doi = {10.1145/1480881.1480889},
 acmid = {1480889},
 publisher = {ACM},
 address = {New York, NY, USA},
 keywords = {contract satisfaction, static contract checking},
} 

 [download] 




 


